@misc{AgileTransformationSurvey,
  author = {{KPMG}},
  title  = {Agile Transformation - From Agile experiments to operating model transformation - 2019 Survey on Agility},
  year   = {2019},
  url    = {https://assets.kpmg.com/content/dam/kpmg/be/pdf/2019/11/agile-transformation.pdf},
  note   = {Online; accessed 7-November-2023}
}
@mastersthesis{AgileProjectHealthIndicatorsThesis,
  author  = {Alexandra Esguerra},
  school  = {Chalmers University of Technology, Department of Architecture and Civil Engineering},
  title   = {Agile project health indicators},
  year    = {2019}
}


@online{Atlassian2023,
  author = {Atlassian},
  title  = {Scrum Metrics 101},
  year   = {2023},
  url    = {https://www.atlassian.com/agile/scrum/scrum-metrics},
  note   = {Accessed: 2023-09-18}
}

@inproceedings{chengeta2021comparing,
  title        = {Comparing the performance between Virtual Machines and Containers using deep learning credit models},
  author       = {Chengeta, Kennedy},
  booktitle    = {Proceedings of the 3rd International Conference on Compute and Data Analysis},
  pages        = {1--5},
  year         = {2021},
  organization = {ACM},
  doi          = {10.1145/3487923.3487934},
  url          = {https://dl.acm.org/doi/pdf/10.1145/3487923.3487934}
}

@article{DesignScienceHevner,
  author  = {Alan Hevner, Samir Chatterjee},
  journal = {Management Information Systems Quarterly},
  month   = {03},
  title   = {Design Science in Information Systems Research},
  volume  = {28},
  year    = {2004}
}

@inproceedings{felter2015updated,
  title        = {An updated performance comparison of virtual machines and Linux containers},
  author       = {Felter, Wes and Ferreira, Alexandre and Rajamony, R. and Rubio, J.},
  booktitle    = {2015 IEEE International Symposium on Performance Analysis of Systems and Software (ISPASS)},
  pages        = {171--172},
  year         = {2015},
  organization = {IEEE},
  doi          = {10.1109/ISPASS.2015.7095802},
  url          = {http://domino.research.ibm.com/library/cyberdig.nsf/papers/0929052195DD819C85257D2300681E7B/$File/rc25482.pdf}
}

@article{Katsma2013Can,
  title   = {Can Agile Software Tools Bring the Benefits of a Task Board to Globally Distributed Teams?},
  author  = {C. Katsma},
  journal = {},
  year    = {2013},
  doi     = {10.1007/978-3-642-40951-6_10}
}

@article{PercPerfOfMetrForAgileScrumEnv,
  author     = {Almeida, Fernando and Carneiro, Pedro},
  doi        = {10.3390/info14060327},
  journal    = {Information},
  month      = {06},
  pages      = {327},
  title      = {Perceived Importance of Metrics for Agile Scrum Environments},
  volume     = {14},
  year       = {2023},
  bdsk-url-1 = {https://doi.org/10.3390/info14060327}
}

@online{Sealights2023,
  author = {Sealights},
  title  = {11 Scrum Metrics and Their Value to Scrum Teams},
  year   = {2023},
  url    = {https://www.sealights.io/software-development-metrics/11-scrum-metrics-and-their-value-to-scrum-teams/},
  note   = {Accessed: 2023-09-18}
}

@article{StateOfAgile2023,
  author  = {Stateofagile},
  title   = {State of agile annual survey},
  journal = {State of agile},
  year    = {2022},
  url     = {https://info.digital.ai/rs/981-LQX-968/images/AR-SA-2022-16th-Annual-State-Of-Agile-Report.pdf}
}

@article{TheScrumGuide,
  author = {Ken Schwaber and Jeff Sutherland},
  title  = {The Scrum Guide},
  year   = 2020,
  url    = {https://scrumguides.org/docs/scrumguide/v2020/2020-Scrum-Guide-US.pdf}
}

@article{TopTenScrum,
  abstract = {This scrum software review covers 10 tools and all the info you need: pros and cons, pricing, features, integrations, and screenshots.},
  author   = {Ben Aston},
  keywords = {Scrum, Analysis, Software},
  month    = {1},
  year     = {2022},
  url      = {https://thedigitalprojectmanager.com/tools/best-scrum-software/}
}